@article{BTCWhitepaper,
	author = "Satoshi, Nakamoto",
	title= "Bitcoin, a peer-to-peer electronic cash system",
	year= "2007",
	url= "http://bitcoin.org/bitcoin.pdf"
	}
@inproceedings{wust2018need,
	title={Do you need a Blockchain?},
	author={W{\"u}st, Karl and Gervais, Arthur},
	booktitle={2018 Crypto Valley Conference on Blockchain Technology (CVCBT)},
	pages={45--54},
	year={2018},
	organization={IEEE}
	}
@inproceedings{gervais2016security,
	title={On the security and performance of proof of work blockchains},
	author={Gervais, Arthur and Karame, Ghassan O and W{\"u}st, Karl and Glykantzis, Vasileios and Ritzdorf, Hubert and Capkun, Srdjan},
	booktitle={Proceedings of the 2016 ACM SIGSAC Conference on Computer and Communications Security},
	pages={3--16},
	year={2016},
	organization={ACM}
	}
@inproceedings{weber2017availability,
	title={On availability for blockchain-based systems},
	author={Weber, Ingo and Gramoli, Vincent and Ponomarev, Alex and Staples, Mark and Holz, Ralph and Tran, An Binh and Rimba, Paul},
	booktitle={Reliable Distributed Systems (SRDS), 2017 IEEE 36th Symposium on},
	pages={64--73},
	year={2017},
	organization={IEEE}
	}
@article{blockchainBeginners,
	title={Blockchain A Beginners Guide},
	author={Voshmgir, Shermin and Kalinov, Valentin},
	journal={BlockchainHub, September},
	year={2017}
	}
@report{ResearchGov,
	title={Research on buying and selling homes},
	institution={UK Department for Business,Energy \& Industrial Strategy},
    	year={2017},
    	url={https://assets.publishing.service.gov.uk/government/uploads/system/uploads/attachment_data/file/653581/buying-selling_homes-research.pdf}
    	}
@report{HomeOwnership2016_17,
    	title={Research on buying and selling homes},
    	institution={UK Department for Business,Energy \& Industrial Strategy},
    	year={2018},
    	url={https://assets.publishing.service.gov.uk/government/uploads/system/uploads/attachment_data/file/724323/Home_ownership.pdf}
    	}
@article{wood2014ethereum,
    	title={Ethereum: A secure decentralised generalised transaction ledger},
    	author={Wood, Gavin},
    	journal={Ethereum project yellow paper},
    	volume={151},
    	pages={1--32},
    	year={2014}
    	}
@online{BTCsize2019,
	title={Size of the Bitcoin blockchain from 2010 to 2019},
	year={2019},
	institution={Statista},
	note={Accessed on 10.2.2019},
	url={https://www.statista.com/statistics/647523/worldwide-bitcoin-blockchain-size/}
	}
@online{BTCenergy,
	title={Bitcoin energy consumption},
	year={2019},
	institution={digiconomist},
	note={Accessed on 12.2.2019},
	url={https://digiconomist.net/bitcoin-energy-consumption}
	}
@online{partiesInvolved,
    title={who are the different parties involved in purchasing property},
    institution={mortgage and financial help},
    note={Accessed on 14.2.2019},
    url={https://www.mortgageandfinancehelp.com.au/business-finance-news/who-are-different-parties-involved-purchasing-property/}
    }
@article{carswell2007mortgage,
  title={Mortgage fraud: White-collar crime with long-standing community effects},
  author={Carswell, Andrew T and Bachtel, Douglas C},
  journal={Public Administration \& Management},
  volume={12},
  number={4},
  pages={39--69},
  year={2007},
  publisher={Citeseer}
}
@article{lemieux2016trusting,
  title={Trusting records: is Blockchain technology the answer?},
  author={Lemieux, Victoria Louise},
  journal={Records Management Journal},
  volume={26},
  number={2},
  pages={110--139},
  year={2016},
  publisher={Emerald Group Publishing Limited}
}
@article{finck2018blockchains,
  title={Blockchains and data protection in the european union},
  author={Finck, Mich{\`e}le},
  journal={Eur. Data Prot. L. Rev.},
  volume={4},
  pages={17},
  year={2018},
  publisher={HeinOnline}
}
@article{mattspaper,
  title={E-Voting with Blockchain: An E-Voting Protocol with Decentralisation and Voter Privacy},
  author={Hardwick, Freya Sheer and Akram, Raja Naeem and Markantonakis, Konstantinos},
  journal={arXiv preprint arXiv:1805.10258},
  year={2018}
}
@article{RequirementOfEVoting,
  title={A review of contemporary e-voting: Requirements, technology, systems and usability},
  author={Wang, King-Hang and Mondal, Subrota K and Chan, Ki and Xie, Xiaoheng}
}
@online{pollStations,
  title={Ways of Voting: Voting in person},
  author={GOV.UK},
  institution={GOV.UK},
  url={https://www.gov.uk/voting-in-the-uk/polling-stations}
}
@inproceedings{chaum1983blind,
  title={Blind signatures for untraceable payments},
  author={Chaum, David},
  booktitle={Advances in cryptology},
  pages={199--203},
  year={1983},
  organization={Springer}
}
@inproceedings{zhao2015vote,
  title={How to vote privately using bitcoin},
  author={Zhao, Zhichao and Chan, T-H Hubert},
  booktitle={International Conference on Information and Communications Security},
  pages={82--96},
  year={2015},
  organization={Springer}
}
@inproceedings{moura2017blockchain,
  title={Blockchain voting and its effects on election transparency and voter confidence},
  author={Moura, Teogenes and Gomes, Alexandre},
  booktitle={Proceedings of the 18th Annual International Conference on Digital Government Research},
  pages={574--575},
  year={2017},
  organization={ACM}
}
@online{FollowMyVote,
  title={Follow My Vote website},
  author={Follow My Vote},
  year={2019},
  url={https://followmyvote.com/}
}
@online{HyperLedgerBurrow,
  title={HyperLedger Burrow website},
  author={The Linux Foundation},
  year={2019},
  url={https://www.hyperledger.org/projects/hyperledger-burrow}
}
@incollection{baliga2017understanding,
  title={Understanding blockchain consensus models},
  author={Baliga, Arati},
  booktitle={Persistent},
  year={2017}
}
@inproceedings{boardroom2017ncl,
  title={A smart contract for boardroom voting with maximum voter privacy},
  author={McCorry, Patrick and Shahandashti, Siamak F and Hao, Feng},
  booktitle={International Conference on Financial Cryptography and Data Security},
  pages={357--375},
  year={2017},
  organization={Springer}
}
@article{goldreich1994definitions,
  title={Definitions and properties of zero-knowledge proof systems},
  author={Goldreich, Oded and Oren, Yair},
  journal={Journal of Cryptology},
  volume={7},
  number={1},
  pages={1--32},
  year={1994},
  publisher={Springer}
}
@article{lauer2004risk,
  title={The risk of e-voting},
  author={Lauer, Thomas W},
  journal={Electronic Journal of E-government},
  volume={2},
  number={3},
  pages={177--186},
  year={2004}
}
